<?xml version="1.0" encoding="UTF-8"?><collection xmlns="http://www.loc.gov/MARC21/slim"><record><leader>00456nam--2200133-i-4500</leader><controlfield tag="001">000035665</controlfield><controlfield tag="002">20161230</controlfield><controlfield tag="005">20161230201040</controlfield><controlfield tag="008">060222s1000------------r-----000-0-eng-d</controlfield><datafield ind1=" " ind2=" " tag="080"><subfield code="a">546.22:547</subfield></datafield><datafield ind1=" " ind2=" " tag="245"><subfield code="a">Organic compounds of sulphur, selenium and tellurium. vol.1: a review of the literature published between april 1969 and march 1970</subfield></datafield><datafield ind1=" " ind2=" " tag="260"><subfield code="a">London, The Chemical Society, 1970, Xix + 494p</subfield></datafield><datafield ind1=" " ind2=" " tag="490"><subfield code="a">A Specialist Periodical Report</subfield></datafield><datafield ind1=" " ind2=" " tag="852"><subfield code="a">36009</subfield></datafield></record></collection>